@book{RESNICK,
author    = {D. Halliday, R. Resnick, J. Walker},
title     = {Fundamentals of Physics},
publisher = {John Wiley \& Sons, Inc},
year      = {1993}
}
@book{QUENTIN,
author    = {Quentin Bone and Richard Moore},
title     = {Biology of Fishes},
publisher = {Taylor \& Francis},
year      = {2008}
}